@BOOK{ASTM-D54702006, 
Author = {ASTM{~}D5470-06}, 
publisher = {ASTM International, PA, United States},
Title = {Standard Test Method for Thermal Transmission Properties of Thermally Conductive Electrical Insulation Materials}
}

@ARTICLE{Conner1995,
  author = {Ron Conner and Jerry Peterson},
  title = {Electrical Grade Pressure Sensitive Adhesive Tapes},
  journal = {Electrical Electronics Insulation Conference},
  year = {1995},
  pages = {697-700},
  month = {September},
}

@ARTICLE{Creton2003,
  author = {Constantino Creton},
  title = {Pressure-Sensitive Adhesives: An Introductory Course},
  journal = {MRS Bulletin},
  year = {2003},
  pages = {434-439},
  month = {June}
}

@PHDTHESIS{Elkady2005,
author = {Yasser Ahmed Elkady},
title = {Thermal Performance of Ball Grid Arrays and Thin Interface Materials},
school = {Auburn University},
year = {2005},
address = {Auburn, AL, United States}
}

@ARTICLE{Evans2008,
  author = {John L. Evans and Pradeep Lall and Roy Knight and Elliot Crain and
	Tushar Shete and James R Thompson},
  title = {System Design Issues for Harsh Environment Electronics Employing Metal-Backed Laminate Substrates},
  journal = {IEEE Transactions on Components and Packaging Technologies},
  year = {2008},
  volume = {31},
  pages = {74-85},
  number = {1},
  month = {March}
}

@ARTICLE{Eveloy2004,
  author = {Val\gr{e}rie Eveloy and Peter Rodgers and Michael Pecht},
  title = {Reliability of Pressure-Sensitive Adhesive Tapes for Heat Sink Attachment in Air-Cooled Electronic Assemblies},
  journal = {IEEE Transactions on Device and Materials Reliability},
  year = {2004},
  volume = {4},
  pages = {650-657},
  number = {4},
  month = {December}
}

@INPROCEEDINGS{Eyman1997,
  author = {L Michael Eyman and Gary B Kromann},
  title = {Investigation of Heat Sink Attach Methodologies and the Effects on Package Structural Integrity and Interconnect Reliability of the 119-Lead Plastic Ball Grid Array},
  booktitle = {Proceedings of 47th Electronic Components and Technology Conference},
  year = {1997},
  pages = {1068-1075},
  month = {May}
}

@ARTICLE{Gwinn2003,
  author = {J. P. Gwinn and R. L. Webb},
  title = {Performance and Testing of Thermal Interface Materials},
  journal = {Microelectronics Journal},
  year = {2003},
  volume = {34},
  pages = {215-222}
}

@INPROCEEDINGS{Khuu2007,
  author = {Vinh Khuu and Michael Osterman and Avram Bar-Cohen and Michael Pecht},
  title = {Thermal Performance Measurements of Thermal Interface Materials Using the Laser Flash Method},
  booktitle = {Proceedings of IPACK2007},
  year = {2007},
  number = {33554},
  month = {July}
}

@ARTICLE{Klosterman1998,
  author = {Don Klosterman and Li Li and James E. Morris},
  title = {Materials Characterization, Conduction Development, and Curing Effects on Reliability of Isotropically Conductive Adhesives},
  journal = {IEEE Transactions on Components, Packaging, and Manufacturing Technology--Part A},
  year = {1998},
  volume = {21},
  pages = {23-31},
  number = {1},
  month = {March}
}

@INPROCEEDINGS{Knight2007,
  author = {Roy W. Knight and Yasser Elkady and Jeffery C. Suhling and Pradeep
	Lall},
  title = {Causes of Degradation of Thermal Performance of Ball Grid Arrays After Thermal Cycling},
  booktitle = {Proceedings of IPACK2007},
  year = {2007},
  number = {33626}
}

@ARTICLE{Kwon2005,
  author = {Woon-Seong Kwon and Myung-Jin Yim and Kyung-Wook Paik and Suk-Jin Ham and Soon-Bok Lee},
  title = {Thermal Cycling Reliability and Delamination of Anisotropic Conductive Adhesives Flip Chip on Organic Substrates with Emphasis on the Thermal Deformation},
  journal = {Journal of Electronic Packaging},
  year = {2005},
  volume = {127},
  pages = {86-90},
  month = {June}
}

@ARTICLE{Lall2006,
  author = {Pradeep Lall and Mohod Islam and John Evans and Jeffery Suhling and	Tushar Shete},
  title = {Damage Mechanics of Electronics on Metal-Backed Substrates in Harsh Environments},
  journal = {IEEE Transactions on Components and Packaging Technologies},
  year = {2006},
  volume = {29},
  pages = {204-212},
  number = {1},
  month = {March}
}

@ARTICLE{Lasance2003,
  author = {Clemens J. M. Lasance},
  title = {The Urgent Need for Widely-Accepted Test Methods for Thermal Interface Materials},
  journal = {19th IEEE SEMI-THERM Symposium},
  year = {2003},
  pages = {123-128}
}

@ARTICLE{Mamunya2002,
author = {Y. P. Mamunya and V. V. Davydenko and P. Pissis and E. V. Lebdev},
title = {Electrical and Thermal Conductivity of Polymers Filled with Metal Powders},
journal = {European Polymer Journal},
year = {2002},
volume = {38},
number = {9},
pages = {1887-1897}
}

@ARTICLE{McGeary1961,
author = {R. K. McGeary},
title = {Mechanical Pacing of Spherical Particles},
journal = {Journal of the American Ceramic Society},
year = {1961},
volume = {44},
number = {10},
pages = {513-522}
}

@ARTICLE{McGrath2008,
author = {L. M. McGrath and R. S. Parnas and S. H. King and J. L. Schroeder and D. A. Fischer and J. L. Lenhart},
title = {Investigation of the Thermal, Mechanical, and Fracture Properties of Alumina-Epoxy Composites},
journal = {Polymer},
year = {2008},
volume = {49},
number = {4},
pages = {999-1014}
}

@ARTICLE{Murray2003,
  author = {C T Murray and R L Rudman and M B Sabade and A V Pocius},
  title = {Conductive Adhesives for Electronic Assemblies},
  journal = {MRS Bulletin},
  year = {2003},
  pages = {449-454},
  month = {June}
}

@ARTICLE{Murray2003a,
  author = {Steven Murray and Craig Hillman and Michael Pecht},
  title = {Environmental Aging and Deadhesion of Siloxane-Polyimide-Epoxy Adhesive},
  journal = {IEEE Transactions on Components and Packaging Technologies},
  year = {2003},
  volume = {26},
  pages = {524-531},
  number = {3},
  month = {September}
}

@ARTICLE{Nakayama2003,
  author = {W Nakayama and A Bergles},
  title = {Thermal Interfacing Techniques for Electronic Equipment---A Perspective},
  journal = {Journal of Electronic Packaging},
  year = {2003},
  volume = {125},
  pages = {192-199},
  month = {June}
}

@ARTICLE{Singh2003,
author = {V. Singh and A. R. Kulkarni and T. R. Rama Mohan},
title = {Dielectric Properties of Aluminum-Epoxy Composites},
journal = {Journal of Applied Polymer Science},
year = {2003},
volume = {90},
pages = {3602-3608},
month = {2003}
}


@INPROCEEDINGS{Tuhus1993,
  author = {Tom Tuhus and Are Bjorneklett},
  title = {Thermal Cycling Reliability of Die Bonding Adhesives},
  booktitle = {Proceeding of 31st Annual International Reliability Physics Symposium},
  year = {1993},
  pages = {204-208},
  month = {March}
}

@ARTICLE{Wong1999,
author = {C. P. Wong and R. S. Bollamplaly},
title = {Thermal Conductivity, Elastic Modulus, and Coefficient of Thermal Expansion of Polymer Composites Filled with Ceramic Particles for Electronic Packaging},
journal = {Journal of Applied Polymer Science},
volume = {74},
number = {14},
pages = {3396-3403},
year = {1999},
}

@ARTICLE{Yao2002,
  author = {Qizhou Yao and Jianmin Qu},
  title = {Interfacial Versus Cohesive Failure on Polymer-Metal Interfaces in Electronic Packaging -- Effects of Interface Roughness},
  journal = {Journal of Electronic Packaging},
  year = {2002},
  volume = {124},
  pages = {127-134},
  month = {June},
}
